@Manual{R,
  title = {R: A Language and Environment for Statistical Computing},
  author = {{R Core Team}},
  organization = {R Foundation for Statistical Computing},
  address = {Vienna, Austria},
  year = {2012},
  note = {{ISBN} 3-900051-07-0},
  url = {http://www.R-project.org/},
}

@article{ihaka:1996,
  Author = {Ihaka, Ross and Gentleman, Robert},
	Journal = {Journal of Computational and Graphical Statistics},
	Number = 3,
	Pages = {299--314},
	Title = {R: A Language for Data Analysis and Graphics},
	Volume = 5,
	Year = 1996}

@article{Wild:RSS:2011,
  Author = {Wild, C J and Pfannkuch M and Regan M and Horton N J},
  Title = {Towards more accessible conceptions of statistical inference}, 
  Journal = {Journal of the Royal Statistical Society: Series A (Statistics in Society)},
  Year = 2011,
  volume = {174 (part 2)},
  pages = {247--295}
  } 

@article{Hesterberg:2015,
  Author = {Tim C. Hesterberg},
  Title = {What Teachers Should Know about the Bootstrap: Resampling in the Undergraduate Statistics Curriculum},
  Year = 2015, 
  Journal = {The American Statistician}
}

@article{NolanTempleLang:2010,
  Author = {Deborah Nolan and Duncan Temple Lang},
  Year = 2010,
  Title = {Computing in the Statistics Curricula}, 
  Journal = {The American Statistician}, 
  Volume = 64,
  Number = 2, 
  pages = {97--107}, 
  url = {http://dx.doi.org/10.1198/tast.2010.09132}
}

@article{Ridgway:2015,
  Title = {TBA},
  Author = {Ridgway},
  Journal = {ISR},
  Year = 2015
}

@article{HortonBaumerWickham:2015,
  Author = {Nicholas J. Horton and Benjamin S. Baumer and Hadley Wickham},
  Year = 2015,
  Title = {Setting the stage for data science: integration of data management skills in introductory and second courses in statistics},
  Journal = CHANCE,
  Volume = 28,
  Number = 2,
  Pages = {40--50}
}

@ARTICLE{2015arXiv150200318H,
   author = {{Horton}, N.~J. and {Baumer}, B.~S. and {Wickham}, H.},
    title = "{Setting the stage for data science: integration of data management skills in introductory and second courses in statistics}",
  journal = {ArXiv e-prints},
archivePrefix = "arXiv",
   eprint = {1502.00318},
 primaryClass = "stat.CO",
 keywords = {Statistics - Computation, Computer Science - Computers and Society, Statistics - Other Statistics, 62-01},
     year = 2015,
    month = feb,
   adsurl = {http://adsabs.harvard.edu/abs/2015arXiv150200318H},
  adsnote = {Provided by the SAO/NASA Astrophysics Data System}
}

